%						 -*- coding: utf-8 -*-
%
% This file contains bibliographic information pertaining to BRL-CAD.
%
%%%


@TECHREPORT{Muuss83a,
  author = {Muuss, Michael and Applin, Keith and Suckling, Robert and Moss, Gary and Weaver, Earl and Stanley, Charles},
  title = {GED: An Interactive Solid Modeling System For Vulnerability Assessments},
  institution = {United States Army, Ballistic Research Laboratory},
  year = {1983},
  month = mar,
  number = {BRL-TR-02480},
  address = {U.S. Army Ballistic Research Laboratory, Aberdeen Proving Ground, MD 21005},
  note = {Approved for Public Release; Distribution is Unlimited.  Accession Number: ADA126657},
  owner = {morrison},
  timestamp = {2010.05.06}
}

@TECHREPORT{Deitz84a,
  author = {Deitz, Paul},
  title = {Solid Geometric Modeling - The Key to Improved Materiel Acquisition from Concept to Deployment},
  institution = {United States Army, Ballistic Research Laboratory},
  year = {1984},
  month = sep,
  number = {BRL-MR-3383},
  address = {U.S. Army Ballistic Research Laboratory, Aberdeen Proving Ground, MD 21005},
  note = {Approved for Public Release; Distribution is Unlimited.},
  owner = {morrison},
  timestamp = {2010.05.06}
}

@TECHREPORT{Deitz84b,
  author = {Deitz, Paul},
  title = {Solid Modeling at the US Army Ballistic Research Laboratory},
  institution = {United States Army, Ballistic Research Laboratory},
  year = {1984},
  month = oct,
  number = {ADA147491},
  address = {U.S. Army Ballistic Research Laboratory, Aberdeen Proving Ground, MD 21005},
  note = {Approved for Public Release; Distribution is Unlimited.},
  owner = {morrison},
  timestamp = {2010.05.06}
}

@INCOLLECTION{Muuss87a,
  author = {Muuss, Michael John},
  title = {RT \& REMRT Shared Memory Parallel and Network Distributed Ray-Tracing
	Programs},
  booktitle = {The Ballistics Research Laboratory CAD Package Release 4.0},
  publisher = {The U.S. Army Ballistic Research Laboratory},
  year = {1987},
  volume = {Volume V - The BRL-CAD Analyst's Manual},
  number = {V5S10A04},
  pages = {pp. 1-12},
  address = {Aberdeen Proving Ground, Maryland 21005-5066},
  note = {Reprinted by ARL in 2013 as ARL-RP-429.},
  owner = {cyapp},
  timestamp = {2008.02.05}
}

@TECHREPORT{Muuss87b,
  author = {Muuss, Michael John and Dykstra, P. and Applin, K. and Moss, G. and Davisson, E. and Stay, P. and Kennedy, C.},
  title = {Ballistic Research Laboratory CAD Package, Release 1.21},
  publisher = {The U.S. Army Ballistic Research Laboratory},
  year = {1987},
  month = jun,
  address = {Aberdeen Proving Ground, Maryland 21005-5066},
  owner = {morrison},
  timestamp = {2013.09.20}
}

@INCOLLECTION{Weiler87a,
  author = {Weiler, Kevin},
  title = {Non-Manifold Geometric Boundary Modeling},
  booktitle = {The Ballistics Research Laboratory CAD Package Release 4.0},
  publisher = {The U.S. Army Ballistic Research Laboratory},
  year = {1987},
  volume = {Volume V - The BRL-CAD Analyst's Manual},
  number = {V5S08A08},
  pages = {pp. 1-43},
  address = {Aberdeen Proving Ground, Maryland 21005-5066},
  month = may,
  note = {Affiliation: General Electric Corporate Research and Development,
	Schenectady, NY 12301},
  owner = {cyapp},
  timestamp = {2008.02.05}
}

@INCOLLECTION{Weiler87b,
  author = {Weiler, Kevin},
  title = {Two Taxonomies for Geometric Modeling Representations},
  booktitle = {The Ballistics Research Laboratory CAD Package Release 4.0},
  publisher = {The U.S. Army Ballistic Research Laboratory},
  year = {1987},
  volume = {Volume V - The BRL-CAD Analyst's Manual},
  number = {V5S08A09},
  pages = {pp. 1-7},
  address = {Aberdeen Proving Ground, Maryland 21005-5066},
  month = may,
  note = {Affiliation: General Electric Corporate Research and Development,
	Schenectady, NY 12301},
  owner = {cyapp},
  timestamp = {2008.02.05}
}

@INCOLLECTION{Ciampa88a,
  author = {Ciampa, John R. and Nordbye, Dawn M. and Graziano, James M.},
  title = {Performance Analysis of the BRL-CAD and CTRACK RCS Prediction Models},
  booktitle = {The Ballistics Research Laboratory CAD Package Release 4.0},
  publisher = {The U.S. Army Ballistic Research Laboratory},
  year = {1988},
  volume = {Volume V - The BRL-CAD Analyst's Manual},
  number = {V5S09A04},
  pages = {pp. 1-23},
  address = {Aberdeen Proving Ground, Maryland 21005-5066},
  note = {Affiliation: General Dynamics Land Systems Division, Observable Technology
	Group, Sterling Heights, Michigan 48310-3268},
  owner = {cyapp},
  timestamp = {2008.02.05}
}

@INCOLLECTION{Deitz88a,
  author = {Deitz, Paul H.},
  title = {Computer-Aided Techniques for Survivability/Lethality Modeling (Memorandum
	Report BRL-MR-3667)},
  booktitle = {The Ballistics Research Laboratory CAD Package Release 4.0},
  publisher = {The U.S. Army Ballistic Research Laboratory},
  month = feb,
  year = {1988},
  volume = {Volume V - The BRL-CAD Analyst's Manual},
  number = {V5S12A11 and BRL-MR-3667},
  pages = {pp. 1-26},
  address = {Aberdeen Proving Ground, Maryland 21005-5066},
  note = {Approved for Public Release; Distribution Unlimited.},
  owner = {cyapp},
  timestamp = {2008.02.05}
}

@INCOLLECTION{Dykstra88a,
  author = {Dykstra, Phillip C.},
  title = {A Road Map Through the BRL-CAD Package},
  booktitle = {The Ballistic Research Laboratory CAD Package Release 4.0 - December
	1991},
  publisher = {The U.S. Army Ballistic Research Laboratory},
  year = {1988},
  volume = {Volume 1 - The BRL-CAD Philosophy},
  number = {V1S06A00},
  pages = {pp. 1-5},
  address = {Aberdeen Proving Ground, Maryland 21005-5066},
  month = sep,
  owner = {cyapp},
  timestamp = {2008.02.05}
}

@INCOLLECTION{Dykstra88b,
  author = {Dykstra, Phillip C.},
  title = {Future Directions in Predictive Radar Signatures},
  booktitle = {The Ballistics Research Laboratory CAD Package Release 4.0},
  publisher = {The U.S. Army Ballistic Research Laboratory},
  year = {1988},
  volume = {Volume V - The BRL-CAD Analyst's Manual},
  number = {V5S09A05},
  pages = {pp. 1-18},
  address = {Aberdeen Proving Ground, Maryland 21005-5066},
  note = {Part of BRL-CAD Symposium '88},
  owner = {cyapp},
  timestamp = {2008.02.05}
}

@INCOLLECTION{Keller88a,
  author = {Keller, Richard},
  title = {Advanced Temperature Prediction Using SuperElements and the BISP
	Model},
  booktitle = {The Ballistics Research Laboratory CAD Package Release 4.0},
  publisher = {The U.S. Army Ballistic Research Laboratory},
  year = {1988},
  volume = {Volume V - The BRL-CAD Analyst's Manual},
  number = {V5S13A02},
  pages = {pp. 1-3},
  address = {Aberdeen Proving Ground, Maryland 21005-5066},
  note = {Affiliation: Imaging Systems Assoc. 1023 Pearl St. Santa Monica,
	CA 90405},
  owner = {cyapp},
  timestamp = {2008.02.05}
}

@INCOLLECTION{Kennedy88a,
  author = {Kennedy, Charles M.},
  title = {Super-minicomputer Technology Survey},
  booktitle = {The Ballistics Research Laboratory CAD Package Release 4.0},
  publisher = {The U.S. Army Ballistic Research Laboratory},
  year = {1988},
  volume = {Volume V - The BRL-CAD Analyst's Manual},
  number = {V5S06A03},
  pages = {pp. 1-52},
  address = {Aberdeen Proving Ground, Maryland 21005-5066},
  owner = {cyapp},
  timestamp = {2008.02.05}
}

@INCOLLECTION{Laguna88a,
  author = {Laguna, Gary},
  title = {The Development of a Finite Difference Mesh Generator Using BRL-CAD},
  booktitle = {The Ballistics Research Laboratory CAD Package Release 4.0},
  publisher = {The U.S. Army Ballistic Research Laboratory},
  year = {1988},
  volume = {Volume V - The BRL-CAD Analyst's Manual},
  number = {V5S02A02},
  pages = {pp. 1-6},
  address = {Aberdeen Proving Ground, Maryland 21005-5066},
  owner = {cyapp},
  timestamp = {2008.02.05}
}

@INCOLLECTION{Lee88a,
  author = {Lee, S. W. and Chou, R. and Ling, H. and Lin, L. and Bozek, J.},
  title = {Radar Cross-Section Computation with BRL-CAD},
  booktitle = {The Ballistics Research Laboratory CAD Package Release 4.0},
  publisher = {The U.S. Army Ballistic Research Laboratory},
  year = {1988},
  volume = {Volume V - The BRL-CAD Analyst's Manual},
  number = {V5S09A03},
  pages = {pp. 1-34},
  address = {Aberdeen Proving Ground, Maryland 21005-5066},
  note = {Affiliations: Bozek, Lee and Lin at University of Illinois ECE Dept.,
	Chou at ElectroScience Laboratory, EE Dept, Ohio State University
	and Ling at ECE Dept, Univ. Texas at Austin.},
  owner = {cyapp},
  timestamp = {2008.02.05}
}

@INCOLLECTION{Mermagen88a,
  author = {Mermagen Jr., William H.},
  title = {The Conversion of Air Force Target Descriptions into BRL-CAD},
  booktitle = {The Ballistics Research Laboratory CAD Package Release 4.0},
  publisher = {The U.S. Army Ballistic Research Laboratory},
  year = {1988},
  volume = {Volume V - The BRL-CAD Analyst's Manual},
  number = {V5S12A10},
  pages = {pp. 1-7},
  address = {Aberdeen Proving Ground, Maryland 21005-5066},
  owner = {cyapp},
  timestamp = {2008.02.05}
}

@INCOLLECTION{Molnar88a,
  author = {Molnar, Steven},
  title = {Interactive CSG Modeling with Real-Time Shaded Display},
  booktitle = {The Ballistics Research Laboratory CAD Package Release 4.0},
  publisher = {The U.S. Army Ballistic Research Laboratory},
  year = {1988},
  volume = {Volume V - The BRL-CAD Analyst's Manual},
  number = {V5S08A06},
  pages = {pp. 1-11},
  address = {Aberdeen Proving Ground, Maryland 21005-5066},
  note = {Affiliation: Department of Computer Science, University of North
	Carolina, Chapel Hill, NC 27599-3175},
  owner = {cyapp},
  timestamp = {2008.02.05}
}

@INCOLLECTION{Muuss88a,
  author = {Muuss, Michael John},
  title = {Distributed Graphics for High-Resolution 3D Modeling},
  booktitle = {The Ballistic Research Laboratory CAD Package Release 4.0 - December
	1991},
  publisher = {The U.S. Army Ballistic Research Laboratory},
  year = {1988},
  volume = {Volume 1 - The BRL-CAD Philosophy},
  number = {V1S07A00},
  pages = {pp. 15-19},
  address = {Aberdeen Proving Ground, Maryland 21005-5066},
  month = dec,
  owner = {cyapp},
  timestamp = {2008.02.05}
}

@INCOLLECTION{Muuss88b,
  author = {Muuss, Michael John},
  title = {Workstations, Networking, Distributed Graphics, and Parallel Processing},
  booktitle = {The Ballistics Research Laboratory CAD Package Release 4.0},
  publisher = {The U.S. Army Ballistic Research Laboratory},
  year = {1988},
  volume = {Volume V - The BRL-CAD Analyst's Manual},
  number = {V5S06A02},
  pages = {pp. 1-53},
  address = {Aberdeen Proving Ground, Maryland 21005-5066},
  month = aug,
  owner = {cyapp},
  timestamp = {2008.02.05}
}

@INCOLLECTION{Muuss88c,
  author = {Muuss, Michael John},
  title = {Understanding the Preparation and Analysis of Solid Models},
  booktitle = {The Ballistics Research Laboratory CAD Package Release 4.0},
  publisher = {The U.S. Army Ballistic Research Laboratory},
  year = {1988},
  volume = {Volume V - The BRL-CAD Analyst's Manual},
  number = {V5S08A05},
  pages = {pp. 1-66},
  address = {Aberdeen Proving Ground, Maryland 21005-5066},
  month = apr,
  note = {Also published in CGTOKYO '86, Tutorial Course A-3},
  owner = {cyapp},
  timestamp = {2008.02.05}
}

@INCOLLECTION{Muuss88d,
  author = {Muuss, Michael John and Dykstra, Phillip C.},
  title = {The RT Lighting Model},
  booktitle = {The Ballistics Research Laboratory CAD Package Release 4.0},
  publisher = {The U.S. Army Ballistic Research Laboratory},
  year = {1988},
  volume = {Volume V - The BRL-CAD Analyst's Manual},
  number = {V5S10A03},
  pages = {pp. 1-30},
  address = {Aberdeen Proving Ground, Maryland 21005-5066},
  owner = {cyapp},
  timestamp = {2008.02.05}
}

@INCOLLECTION{Muuss88e,
  author = {Muuss, Michael John and Dykstra, Phillip C.},
  title = {Experiments in Scientific Visualization},
  booktitle = {The Ballistics Research Laboratory CAD Package Release 4.0},
  publisher = {The U.S. Army Ballistic Research Laboratory},
  year = {1988},
  volume = {Volume V - The BRL-CAD Analyst's Manual},
  number = {V5S14A03},
  address = {Aberdeen Proving Ground, Maryland 21005-5066},
  note = {Only abstract is present in Vol. V collection.},
  owner = {cyapp},
  timestamp = {2008.02.05}
}

@INCOLLECTION{Stay88a,
  author = {Stay, Paul Randal},
  title = {The Definition and Ray-Tracing of B-spline Objects in a Combinatorial
	Solid Geometric Modeling System},
  booktitle = {The Ballistics Research Laboratory CAD Package Release 4.0},
  publisher = {The U.S. Army Ballistic Research Laboratory},
  year = {1988},
  volume = {Volume V - The BRL-CAD Analyst's Manual},
  number = {V5S08A07},
  pages = {pp. 1-5},
  address = {Aberdeen Proving Ground, Maryland 21005-5066},
  month = nov,
  note = {Reprinted by ARL in 2013 as ARL-RP-428.},
  owner = {morrison},
  timestamp = {2015.11.19}
}

@INCOLLECTION{Stiller88a,
  author = {Stiller, Peter and Davisson, Edwin O.},
  title = {Curvature and Principal Direction Calculations for MGED Primitives
	using RT},
  booktitle = {The Ballistics Research Laboratory CAD Package Release 4.0},
  publisher = {The U.S. Army Ballistic Research Laboratory},
  year = {1988},
  volume = {Volume V - The BRL-CAD Analyst's Manual},
  number = {V5S10A02},
  pages = {pp. 1-22},
  address = {Aberdeen Proving Ground, Maryland 21005-5066},
  owner = {cyapp},
  timestamp = {2008.02.05}
}

@INCOLLECTION{Werkheiser88a,
  author = {Werkheiser, Anne},
  title = {Object Recognition with BRL-CAD Models},
  booktitle = {The Ballistics Research Laboratory CAD Package Release 4.0},
  publisher = {The U.S. Army Ballistic Research Laboratory},
  year = {1988},
  volume = {Volume V - The BRL-CAD Analyst's Manual},
  number = {V5S11A01},
  pages = {pp. 1-7},
  address = {Aberdeen Proving Ground, Maryland 21005-5066},
  note = {Affiliations: U.S. Army Engineer Topographic Laboratories, Research
	Institute bldg. 2592, Fort Belvoir, Virginia 22060-5546 and Coordinated
	Science Laboratory, University of Illinois at Urbana-Champaign, 1101
	West Springfield Ave., Urbana, Illinois 61801},
  owner = {cyapp},
  timestamp = {2008.02.05}
}

@INCOLLECTION{Bowden89a,
  author = {Bowden, Mark Huston},
  title = {Raytracing Hidden Lines},
  booktitle = {The Ballistics Research Laboratory CAD Package Release 4.0},
  publisher = {The U.S. Army Ballistic Research Laboratory},
  year = {1989},
  volume = {Volume V - The BRL-CAD Analyst's Manual},
  number = {V5S10A01},
  pages = {pp. 126-140},
  address = {Aberdeen Proving Ground, Maryland 21005-5066},
  note = {Affiliation - University of Alabama in Huntsville Research Institute,
	Huntsville, Alabama 35899},
  owner = {cyapp},
  timestamp = {2008.02.05}
}

@INCOLLECTION{Bowden89b,
  author = {Bowden, Mark Huston},
  title = {Simulation Verification Using BRL-CAD},
  booktitle = {The Ballistics Research Laboratory CAD Package Release 4.0},
  publisher = {The U.S. Army Ballistic Research Laboratory},
  year = {1989},
  volume = {Volume V - The BRL-CAD Analyst's Manual},
  number = {V5S12A09},
  pages = {pp. 141-147},
  address = {Aberdeen Proving Ground, Maryland 21005-5066},
  owner = {cyapp},
  timestamp = {2008.02.05}
}

@INCOLLECTION{Muuss89b,
  author = {Muuss, Michael John and Wessol, Dan},
  title = {Applying BRL-CAD to the DoE PBF/BNCT Program for Cancer Treatment},
  booktitle = {The Ballistics Research Laboratory CAD Package Release 4.0},
  publisher = {The U.S. Army Ballistic Research Laboratory},
  year = {1989},
  volume = {Volume V - The BRL-CAD Analyst's Manual},
  number = {V5S07A01},
  pages = {pp. 1-24},
  address = {Aberdeen Proving Ground, Maryland 21005-5066},
  month = oct,
  note = {Part of BRL-CAD Symposium '89. Dan Wessol's affiliation: EG\&G Idaho,
	Inc. - Idaho National Engineering Laboratory},
  owner = {cyapp},
  timestamp = {2008.02.05}
}

@INCOLLECTION{Deitz89a,
  author = {Deitz, Paul H. and Mermagen Jr., William H. and Stay, Paul R.},
  title = {An Integrated Environment for Army, Navy and Air Force Target Description
	Support (Memorandum Report BRL-MR-3754)},
  booktitle = {The Ballistic Research Laboratory CAD Package Release 4.0 - December
	1991},
  publisher = {The U.S. Army Ballistic Research Laboratory},
  year = {1989},
  volume = {Volume 1 - The BRL-CAD Philosophy},
  number = {V1S04A00},
  pages = {pp. 1-15},
  address = {Aberdeen Proving Ground, Maryland 21005-5066},
  month = may,
  note = {Approved for Public Release; Distribution Unlimited},
  owner = {cyapp},
  timestamp = {2008.02.05}
}

@INCOLLECTION{Deitz89b,
  author = {Deitz, Paul H. and Ozolins, Aivars},
  title = {Computer Simulations of the Abrams Live-Fire Field Testing (Memorandum
	Report BRL-MR-3755)},
  booktitle = {The Ballistics Research Laboratory CAD Package Release 4.0},
  publisher = {The U.S. Army Ballistic Research Laboratory},
  year = {1989},
  volume = {Volume V - The BRL-CAD Analyst's Manual},
  number = {V5S12A08},
  pages = {pp. 1-41},
  address = {Aberdeen Proving Ground, Maryland 21005-5066},
  note = {Approved for Public Release; Distribution Unlimited.},
  owner = {cyapp},
  timestamp = {2008.02.05}
}

@INCOLLECTION{Dykstra89a,
  author = {Dykstra, Phillip C.},
  title = {RTPHYS - A Physical Properties Ray Tracer},
  booktitle = {The Ballistics Research Laboratory CAD Package Release 4.0},
  publisher = {The U.S. Army Ballistic Research Laboratory},
  year = {1989},
  volume = {Volume III - The BRL-CAD Applications},
  number = {V3S09A00},
  pages = {pp. 1-11},
  address = {Aberdeen Proving Ground, Maryland 21005-5066},
  month = oct,
  note = {Part of BRL-CAD Symposium '89 (Presentation)},
  owner = {cyapp},
  timestamp = {2008.02.06}
}

@INCOLLECTION{Gwyn89a,
  author = {Gwyn, Douglas A.},
  title = {MUVES Interface to BRL-CAD},
  booktitle = {The Ballistics Research Laboratory CAD Package Release 4.0},
  publisher = {The U.S. Army Ballistic Research Laboratory},
  year = {1989},
  volume = {Volume V - The BRL-CAD Analyst's Manual},
  number = {V5S12A05},
  pages = {pp. 1-14},
  address = {Aberdeen Proving Ground, Maryland 21005-5066},
  owner = {cyapp},
  timestamp = {2008.02.05}
}

@INCOLLECTION{Haverdings89a,
  author = {Haverdings, William},
  title = {Use of the BRL-CAD Package in the Construction of a Geometric Model
	o fthe General Dynamics F-16A Air Combat Fighter for Vulnerability
	Assessments},
  booktitle = {The Ballistics Research Laboratory CAD Package Release 4.0},
  publisher = {The U.S. Army Ballistic Research Laboratory},
  year = {1989},
  volume = {Volume V - The BRL-CAD Analyst's Manual},
  number = {V5S12A06},
  pages = {pp. 170-193},
  address = {Aberdeen Proving Ground, Maryland 21005-5066},
  note = {Affiliation: Group Weapon Effectiveness Technological Research Prins
	Maurits Laboratory TNO P.O. Box 45 2280 AA Ryswyk The Netherlands},
  owner = {cyapp},
  timestamp = {2008.02.05}
}

@INCOLLECTION{Kennedy89a,
  author = {Kennedy, Charles M. and Mermagen Jr., William H. and Stay, Paul R.},
  title = {Benchmarking with BRL-CAD},
  booktitle = {The Ballistics Research Laboratory CAD Package Release 4.0},
  publisher = {The U.S. Army Ballistic Research Laboratory},
  year = {1989},
  volume = {Volume V - The BRL-CAD Analyst's Manual},
  number = {V5S01A02},
  pages = {pp. 1-13},
  address = {Aberdeen Proving Ground, Maryland 21005-5066},
  owner = {cyapp},
  timestamp = {2008.02.05}
}

@INCOLLECTION{Laguna89a,
  author = {Laguna, Gary},
  title = {Recent Advances in 3D Finite Difference Mesh Generation using the
	BRL-CAD Package},
  booktitle = {The Ballistics Research Laboratory CAD Package Release 4.0},
  publisher = {The U.S. Army Ballistic Research Laboratory},
  year = {1989},
  volume = {Volume V - The BRL-CAD Analyst's Manual},
  number = {V5S02A01},
  pages = {pp. 21-35},
  address = {Aberdeen Proving Ground, Maryland 21005-5066},
  note = {Gary Laguna affiliation: Lawrence Livermore National Laboratory},
  owner = {cyapp},
  timestamp = {2008.02.05}
}

@INCOLLECTION{Lee89a,
  author = {Lee, S. W. and Baldauf, J. and Lin, L. and Jeng, S. K.},
  title = {Contribution to High Frequency RCS Code Test Problems (University
	of illinois Electromagnetics Laboratory Technical Report SWL89-3)},
  booktitle = {The Ballistics Research Laboratory CAD Package Release 4.0},
  publisher = {The U.S. Army Ballistic Research Laboratory},
  year = {1989},
  volume = {Volume V - The BRL-CAD Analyst's Manual},
  number = {V5S09A02},
  pages = {pp. 1-63},
  address = {Aberdeen Proving Ground, Maryland 21005-5066},
  month = jul,
  note = {Affiliation: University of Illinois 1406 W. Green Street, Urbana,
	IL 61801},
  owner = {cyapp},
  timestamp = {2008.02.05}
}

@INCOLLECTION{Muuss89c,
  author = {Muuss J. D., Susanne and Muuss, Michael John},
  title = {RTG3: Shotlines for COVART},
  booktitle = {The Ballistics Research Laboratory CAD Package Release 4.0},
  publisher = {The U.S. Army Ballistic Research Laboratory},
  year = {1989},
  volume = {Volume III - The BRL-CAD Applications},
  number = {V3S08A00},
  pages = {pp. 73-84},
  address = {Aberdeen Proving Ground, Maryland 21005-5066},
  owner = {cyapp},
  timestamp = {2008.02.06}
}

@INCOLLECTION{Muuss89a,
  author = {Muuss, Michael John},
  title = {Frame Buffers and Window Systems: Internals of the Silicon Graphics
	4D Framebugger Support for LIBFB},
  booktitle = {The Ballistics Research Laboratory CAD Package Release 4.0},
  publisher = {The U.S. Army Ballistic Research Laboratory},
  year = {1989},
  volume = {Volume V - The BRL-CAD Analyst's Manual},
  number = {V5S06A01},
  pages = {pp. 53-72},
  address = {Aberdeen Proving Ground, Maryland 21005-5066},
  month = sep,
  owner = {cyapp},
  timestamp = {2008.02.05}
}

@INCOLLECTION{Verheij89a,
  author = {Verheij, Zier},
  title = {Application of the BRL-CAD Package in the Dutch Target Vulnerability
	Assessment Code TARVAC},
  booktitle = {The Ballistics Research Laboratory CAD Package Release 4.0},
  publisher = {The U.S. Army Ballistic Research Laboratory},
  year = {1989},
  volume = {Volume V - The BRL-CAD Analyst's Manual},
  number = {V5S12A07},
  pages = {pp. 148-169},
  address = {Aberdeen Proving Ground, Maryland 21005-5066},
  note = {Affiliation: Group Weapon Effectiveness Technological Research Prins
	Maurits Laboratory TNO P.O. Box 45 2280 AA Ryswyk The Netherlands},
  owner = {cyapp},
  timestamp = {2008.02.05}
}

@INCOLLECTION{Walsh89a,
  author = {Walsh, M. and Beard, J. and LaHaie, I. and Morey, B.},
  title = {Imaging Sensor Simulation Developments at ERIM},
  booktitle = {The Ballistics Research Laboratory CAD Package Release 4.0},
  publisher = {The U.S. Army Ballistic Research Laboratory},
  year = {1989},
  volume = {Volume V - The BRL-CAD Analyst's Manual},
  number = {V5S09A01},
  pages = {pp. 10-20},
  address = {Aberdeen Proving Ground, Maryland 21005-5066},
  owner = {cyapp},
  timestamp = {2008.02.05}
}

@INCOLLECTION{Weaver89a,
  author = {Weaver, E. P. and Anderson, J. R.},
  title = {A Feature-Driven Procedural Approach to Solid Geometric Modeling},
  booktitle = {The Ballistics Research Laboratory CAD Package Release 4.0},
  publisher = {The U.S. Army Ballistic Research Laboratory},
  year = {1989},
  volume = {Volume V - The BRL-CAD Analyst's Manual},
  number = {V5S08A04},
  pages = {pp. 1-40},
  address = {Aberdeen Proving Ground, Maryland 21005-5066},
  note = {Part of BRL-CAD '89},
  owner = {cyapp},
  timestamp = {2008.02.05}
}

@INPROCEEDINGS{Jones89,
  author = {Jones, J. and Gonda, T.},
  title = {A Thermal Model Preprocessor For Graphics And Material Database Generation},
  volume = {Proceedings SPIE, 1098},
  pages = {42-54},
  year = {1989},
  url = { http://dx.doi.org/10.1117/12.960423},
  owner = {morrison},
  timestamp = {2008.02.05}
}

@INCOLLECTION{Deitz90b,
  author = {Deitz, Paul H.},
  title = {High-Resolution, Item-Level Weapons Modeling},
  booktitle = {The Ballistics Research Laboratory CAD Package Release 4.0},
  publisher = {The U.S. Army Ballistic Research Laboratory},
  year = {1990},
  volume = {Volume V - The BRL-CAD Analyst's Manual},
  number = {V5S12A12},
  pages = {pp. 1-28},
  address = {Aberdeen Proving Ground, Maryland 21005-5066},
  month = mar,
  note = {Approved for Public Release; Distribution Unlimited.},
  owner = {cyapp},
  timestamp = {2008.02.05}
}

@INCOLLECTION{Deitz90c,
  author = {Deitz, Paul H. and Muehl, Theodore M. and Henry, Scott L. and Moss,
	Gary S. and Davisson, Edwin O. and Coates, Susan A.},
  title = {Synthesized CAD Methods for Combat Vehicle Survivability Analysis
	(Memorandum Report BRL-MR-3883)},
  booktitle = {The Ballistics Research Laboratory CAD Package Release 4.0},
  publisher = {The U.S. Army Ballistic Research Laboratory},
  year = {1990},
  volume = {Volume V - The BRL-CAD Analyst's Manual},
  number = {V5S12A13},
  pages = {pp. 1-36},
  address = {Aberdeen Proving Ground, Maryland 21005-5066},
  month = dec,
  note = {Approved for Public Release; Distribution Unlimited.},
  owner = {cyapp},
  timestamp = {2008.02.05}
}

@INCOLLECTION{Deitz90a,
  author = {Deitz, Paul H. and Starks, Michael W. and Smith, Jill H. and Ozolins,
	Aivars},
  title = {Current Simulation Methods in Military Systems Vulnerability Assessment
	(Memorandum Report BRL-MR-3880)},
  booktitle = {The Ballistics Research Laboratory CAD Package Release 4.0},
  publisher = {The U.S. Army Ballistic Research Laboratory},
  year = {1990},
  volume = {Volume V - The BRL-CAD Analyst's Manual},
  number = {V5S12A04},
  pages = {pp. 1-20},
  address = {Aberdeen Proving Ground, Maryland 21005-5066},
  month = nov,
  owner = {cyapp},
  timestamp = {2008.02.05}
}

@INPROCEEDINGS{Muuss90a,
  author = {Muuss, Michael John},
  title = {Multiple Families of Engineering Analyses Interrogating a Single
	Geometric Model},
  booktitle = {Proceedings - BRL-CAD Symposium '91},
  year = {1990},
  pages = {pp. 1-12},
  address = {Aberdeen Proving Ground, Maryland 21005-5066},
  month = jun,
  publisher = {The U.S. Army Ballistic Research Laboratory},
  note = {Included in The Ballistics Research Laboratory CAD Package Release
	4.0 Volume V - The BRL-CAD Analyst's Manual},
  owner = {cyapp},
  timestamp = {2008.02.05}
}

@INPROCEEDINGS{Bruenning91a,
  author = {Bruenning Jr., Leonard E.},
  title = {Air Force Vulnerability Analyses from BRL-CAD Models},
  booktitle = {Proceedings - BRL-CAD Symposium '91},
  year = {1991},
  pages = {pp. 1-27},
  address = {Aberdeen Proving Ground, Maryland 21005-5066},
  publisher = {The U.S. Army Ballistic Research Laboratory},
  note = {Included in The Ballistics Research Laboratory CAD Package Release
	4.0 Volume V - The BRL-CAD Analyst's Manual},
  owner = {cyapp},
  timestamp = {2008.02.05}
}

@INPROCEEDINGS{Bruenning91b,
  author = {Bruenning Jr., Leonard E.},
  title = {Comparison of BRL-CAD Computer Simulations Damage with Live Fire
	Tests on Tactical Wheeled Vehicles},
  booktitle = {Proceedings - BRL-CAD Symposium '91},
  year = {1991},
  pages = {pp. 1-4},
  address = {Aberdeen Proving Ground, Maryland 21005-5066},
  publisher = {The U.S. Army Ballistic Research Laboratory},
  note = {Included in The Ballistics Research Laboratory CAD Package Release
	4.0 Volume V - The BRL-CAD Analyst's Manual},
  owner = {cyapp},
  timestamp = {2008.02.05}
}

@BOOKLET{MGED91a,
  title = {The Ballistic Research Laboratory CAD Package Release 4.0 - Volume
	I The BRL-CAD Philosophy},
  author = {ARL},
  address = {Aberdeen Proving Ground, Maryland 21005-5066},
  month = dec,
  year = {1991},
  owner = {cyapp},
  timestamp = {2008.02.06}
}

@BOOKLET{MGED91c,
  title = {The Ballistic Research Laboratory CAD Package Release 4.0 - Volume
	III - The BRL-CAD Applications},
  author = {ARL},
  address = {Aberdeen Proving Ground, Maryland 21005-5066},
  month = dec,
  year = {1991},
  owner = {cyapp},
  timestamp = {2008.02.06}
}

@BOOKLET{MGED91d,
  title = {The Ballistic Research Laboratory CAD Package Release 4.0 - Volume
	IV The MGED User's Manual},
  author = {ARL},
  address = {Aberdeen Proving Ground, Maryland 21005-5066},
  month = dec,
  year = {1991},
  owner = {cyapp},
  timestamp = {2008.02.06}
}

@BOOKLET{MGED91e,
  title = {The Ballistic Research Laboratory CAD Package Release 4.0 - Volume
	V The BRL-CAD Analyst's Manual},
  author = {ARL},
  address = {Aberdeen Proving Ground, Maryland 21005-5066},
  month = dec,
  year = {1991},
  owner = {cyapp},
  timestamp = {2008.02.06}
}

@INPROCEEDINGS{Anderson91a,
  author = {Anderson, John. R. and Muuss, Susanne L. and Weaver, Earl P.},
  title = {IGES Translations for BRL-CAD},
  booktitle = {Proceedings - BRL-CAD Symposium '91},
  year = {1991},
  pages = {pp. 1-15},
  address = {Aberdeen Proving Ground, Maryland 21005-5066},
  publisher = {The U.S. Army Ballistic Research Laboratory},
  note = {Included in The Ballistics Research Laboratory CAD Package Release
	4.0 Volume V - The BRL-CAD Analyst's Manual},
  owner = {cyapp},
  timestamp = {2008.02.05}
}

@INPROCEEDINGS{Butler91a,
  author = {Butler, Lee A. and Muuss, Michael John and Papper, Mike and Gigante,
	Mike},
  title = {A Prototype Graphical User Interface},
  booktitle = {Proceedings - BRL-CAD Symposium '91},
  year = {1991},
  pages = {pp. 1-4},
  address = {Aberdeen Proving Ground, Maryland 21005-5066},
  month = apr,
  publisher = {The U.S. Army Ballistic Research Laboratory},
  note = {Included in The Ballistics Research Laboratory CAD Package Release
	4.0 Volume V - The BRL-CAD Analyst's Manual

	Papper and Gigante affiliation: Royal Melbourne Institute of Technology},
  owner = {cyapp},
  timestamp = {2008.02.05}
}

@INCOLLECTION{Buxton91a,
  author = {Buxton, E. Timothy and Jones, Jack},
  title = {FRED - The Faceted Region Editor},
  booktitle = {The Ballistics Research Laboratory CAD Package Release 4.0},
  publisher = {The U.S. Army Ballistic Research Laboratory},
  year = {1991},
  volume = {Volume V - The BRL-CAD Analyst's Manual},
  number = {V5S13A01},
  pages = {pp. 1-17},
  address = {Aberdeen Proving Ground, Maryland 21005-5066},
  note = {Affiliations: Buxton - OptiMetrics, Inc. Ann Arbor, Michigan; Jones:
	U.S. Army Tank-Automotive Command, Warren, Michigan},
  owner = {cyapp},
  timestamp = {2008.02.05}
}

@INPROCEEDINGS{Coates91a,
  author = {Coates, Susan A. and Davisson, Edwin O.},
  title = {Generating Prism Input Files from BRL-CAD Models},
  booktitle = {Proceedings - BRL-CAD Symposium '91},
  year = {1991},
  pages = {pp. 1-12},
  address = {Aberdeen Proving Ground, Maryland 21005-5066},
  publisher = {The U.S. Army Ballistic Research Laboratory},
  note = {Included in The Ballistics Research Laboratory CAD Package Release
	4.0 Volume V - The BRL-CAD Analyst's Manual},
  owner = {cyapp},
  timestamp = {2008.02.06}
}

@INCOLLECTION{Deitz91a,
  author = {Deitz, Paul H. and Muuss, Michael John and Davisson, Edwin O.},
  title = {Issues in Automatic Object Recognition: Linking Geometry and Material
	data to Predictive Signature Codes (Memorandum Report BRL-MR-3898)},
  booktitle = {The Ballistic Research Laboratory CAD Package Release 4.0 - December
	1991},
  publisher = {The U.S. Army Ballistic Research Laboratory},
  year = {1991},
  volume = {Volume 1 - The BRL-CAD Philosophy},
  number = {V1S08A00},
  pages = {pp. 1-19},
  address = {Aberdeen Proving Ground, Maryland 21005-5066},
  month = mar,
  note = {Approved for Public Release; Distribution Unlimited},
  owner = {cyapp},
  timestamp = {2008.02.05}
}

@INCOLLECTION{Dykstra91a,
  author = {Dykstra, Phillip C. and Muuss, Michael John},
  title = {The BRL-CAD Package - An Overview},
  booktitle = {The Ballistic Research Laboratory CAD Package Release 4.0 - December
	1991},
  publisher = {The U.S. Army Ballistic Research Laboratory},
  year = {1991},
  volume = {Volume 1 - The BRL-CAD Philosophy},
  number = {V1S03A00},
  pages = {pp. 1-9},
  address = {Aberdeen Proving Ground, Maryland 21005-5066},
  note = {Reprinted by ARL in 2013 as ARL-RP-432.},
  owner = {morrison},
  timestamp = {2015.11.19}
}

@INPROCEEDINGS{Eberius91a,
  author = {Eberius, Natalie L. and Tanenbaum, Paul J.},
  title = {NIRT: Interactive Ray Tracing with BRL-CAD},
  booktitle = {Proceedings - BRL-CAD Symposium '91},
  year = {1991},
  pages = {pp. 1-4},
  address = {Aberdeen Proving Ground, Maryland 21005-5066},
  publisher = {The U.S. Army Ballistic Research Laboratory},
  note = {Included in The Ballistics Research Laboratory CAD Package Release
	4.0 Volume III - The BRL-CAD Applications},
  owner = {cyapp},
  timestamp = {2008.02.06}
}

@INPROCEEDINGS{Gillis91a,
  author = {Gillis, Glenn M.},
  title = {The BRL-CAD SURVIAC Connection},
  booktitle = {Proceedings - BRL-CAD Symposium '91},
  year = {1991},
  pages = {pp. 1-2},
  address = {Aberdeen Proving Ground, Maryland 21005-5066},
  publisher = {The U.S. Army Ballistic Research Laboratory},
  note = {Affiliation: SURVIAC Aberdeen Satellite Office 1003 Old Philadelphia
	Road Suite 103 Aberdeen, MD 21001},
  owner = {cyapp},
  timestamp = {2008.02.07}
}

@INPROCEEDINGS{Johnson91a,
  author = {Johnson, Christopher T.},
  title = {Digital Halftoning - The Halftone Package and Applications to BRL-CAD},
  booktitle = {Proceedings - BRL-CAD Symposium '91},
  year = {1991},
  pages = {pp. 1-20},
  address = {Aberdeen Proving Ground, Maryland 21005-5066},
  month = apr,
  publisher = {The U.S. Army Ballistic Research Laboratory},
  note = {Included in The Ballistics Research Laboratory CAD Package Release
	4.0 Volume V - The BRL-CAD Analyst's Manual},
  owner = {cyapp},
  timestamp = {2008.02.05}
}

@INPROCEEDINGS{Kennedy91b,
  author = {Kennedy, Charles M.},
  title = {Video Hardware for Making Movies},
  booktitle = {Proceedings - BRL-CAD Symposium '91},
  year = {1991},
  pages = {pp. 1-11},
  address = {Aberdeen Proving Ground, Maryland 21005-5066},
  publisher = {The U.S. Army Ballistic Research Laboratory},
  note = {Included in The Ballistics Research Laboratory CAD Package Release
	4.0 Volume V - The BRL-CAD Analyst's Manual},
  owner = {cyapp},
  timestamp = {2008.02.05}
}

@INCOLLECTION{Lauzzana91a,
  author = {Lauzzana, Ray and Barnes, Craig and Cox, Michael and Harrison, Rhonda
	and Malaviya, Atin},
  title = {A Shape Grammar Production Using BRL-CAD},
  booktitle = {The Ballistics Research Laboratory CAD Package Release 4.0},
  publisher = {The U.S. Army Ballistic Research Laboratory},
  year = {1991},
  volume = {Volume III - The BRL-CAD Applications},
  number = {V3S05A00},
  pages = {pp. 1-17},
  address = {Aberdeen Proving Ground, Maryland 21005-5066},
  owner = {cyapp},
  timestamp = {2008.02.06}
}

@INCOLLECTION{Mermagen91a,
  author = {Mermagen Jr., William H.},
  title = {Conversion of FASTGEN Target Descriptions into BRL-CAD with Patch-g
	(Updated Report)},
  booktitle = {The Ballistics Research Laboratory CAD Package Release 4.0},
  publisher = {The U.S. Army Ballistic Research Laboratory},
  year = {1991},
  volume = {Volume III - The BRL-CAD Applications},
  number = {V3S02A00},
  pages = {pp. 110-124},
  address = {Aberdeen Proving Ground, Maryland 21005-5066},
  owner = {cyapp},
  timestamp = {2008.02.06}
}

@INCOLLECTION{Moss91a,
  author = {Moss, Gary S.},
  title = {"burst"; Air Force Vulnerability Analyses from BRL-CAD Models},
  booktitle = {The Ballistics Research Laboratory CAD Package Release 4.0},
  publisher = {The U.S. Army Ballistic Research Laboratory},
  year = {1991},
  volume = {Volume III - The BRL-CAD Applications},
  number = {V3S07A00},
  pages = {pp. 88-109},
  address = {Aberdeen Proving Ground, Maryland 21005-5066},
  owner = {cyapp},
  timestamp = {2008.02.06}
}

@INCOLLECTION{Moss91b,
  author = {Moss, Gary S.},
  title = {The "lgt" Lighting Model},
  booktitle = {The Ballistics Research Laboratory CAD Package Release 4.0},
  publisher = {The U.S. Army Ballistic Research Laboratory},
  year = {1991},
  volume = {Volume III - The BRL-CAD Applications},
  number = {V3S12A00},
  pages = {pp. 1-20},
  address = {Aberdeen Proving Ground, Maryland 21005-5066},
  owner = {cyapp},
  timestamp = {2008.02.06}
}

@INPROCEEDINGS{Muuss91d,
  author = {Muuss J. D., Susanne},
  title = {Rapid Creation of Analysis Codes Using BRL-CAD; The RT View-Module
	Interface},
  booktitle = {Proceedings - BRL-CAD Symposium '91},
  year = {1991},
  pages = {pp. 1-18},
  address = {Aberdeen Proving Ground, Maryland 21005-5066},
  month = apr,
  publisher = {The U.S. Army Ballistic Research Laboratory},
  note = {Included in The Ballistics Research Laboratory CAD Package Release
	4.0 Volume III - The BRL-CAD Applications},
  owner = {cyapp},
  timestamp = {2008.02.06}
}

@INPROCEEDINGS{Muuss91e,
  author = {Muuss J. D., Susanne},
  title = {RTHIDE: 3-D Hidden Line Removal},
  booktitle = {Proceedings - BRL-CAD Symposium '91},
  year = {1991},
  pages = {pp. 1-12},
  address = {Aberdeen Proving Ground, Maryland 21005-5066},
  month = apr,
  publisher = {The U.S. Army Ballistic Research Laboratory},
  note = {Included in The Ballistics Research Laboratory CAD Package Release
	4.0 Volume III - The BRL-CAD Applications},
  owner = {cyapp},
  timestamp = {2008.02.06}
}

@INPROCEEDINGS{Muuss91a,
  author = {Muuss, Michael John},
  title = {BRL-CAD - Recent Progress and Future Directions},
  booktitle = {Proceedings - BRL-CAD Symposium '91},
  year = {1991},
  pages = {pp. 1-17},
  address = {Aberdeen Proving Ground, Maryland 21005-5066},
  month = apr,
  publisher = {The U.S. Army Ballistic Research Laboratory},
  note = {Included in The Ballistics Research Laboratory CAD Package Release
	4.0 Volume 1 - The BRL-CAD Philosophy},
  owner = {cyapp},
  timestamp = {2008.02.05}
}

@INPROCEEDINGS{Muuss91c,
  author = {Muuss, Michael John and Butler, Lee A.},
  title = {Combinatorial Solid Geometry, Boundary Representations, and Non-Manifold
	Geometry},
  booktitle = {State of the Art in Computer Graphics: Visualization and Modeling; also The Ballistics Research Laboratory CAD Package Release 4.0},
  year = {1991},
  pages = {pp. 1-73 (pp. 185-223 in SACG)},
  address = {Aberdeen Proving Ground, Maryland 21005-5066},
  publisher = {The U.S. Army Ballistic Research Laboratory (Springer-Verlag, New York in SACG)},
  note = {Included in The Ballistics Research Laboratory CAD Package Release
	4.0 Volume V - The BRL-CAD Analyst's Manual

	To appear in Advanced Computer Graphics Techniques ed. Rogers and
	Earnshaw, Springer-Verlag},
  owner = {cyapp},
  timestamp = {2008.02.05}
}

@INCOLLECTION{Muuss91b,
  author = {Muuss, Michael John and Kennedy, Charles M. and Butler, Lee A.},
  title = {The BRL-CAD Benchmark Test},
  booktitle = {The Ballistics Research Laboratory CAD Package Release 4.0},
  publisher = {The U.S. Army Ballistic Research Laboratory},
  year = {1991},
  volume = {Volume V - The BRL-CAD Analyst's Manual},
  number = {V5S01A01},
  pages = {pp. 1-11},
  address = {Aberdeen Proving Ground, Maryland 21005-5066},
  owner = {cyapp},
  timestamp = {2008.02.05}
}

@INPROCEEDINGS{Naizi91a,
  author = {Naizi, Osman A. and Badler, Norman I.},
  title = {Converting BRL-CAD Objects to Surface Representation and Adding Articulation
	and JACK Ergonomic Analysis},
  booktitle = {Proceedings - BRL-CAD Symposium '91},
  year = {1991},
  pages = {pp. 1-14},
  address = {Aberdeen Proving Ground, Maryland 21005-5066},
  month = may,
  publisher = {The U.S. Army Ballistic Research Laboratory},
  note = {Included in The Ballistics Research Laboratory CAD Package Release
	4.0 Volume V - The BRL-CAD Analyst's Manual
	Affiliation: Department of computer and Information Science, University
	of Pennsylvania, Philadelphia, PA 19104-6389},
  owner = {cyapp},
  timestamp = {2008.02.05}
}

@INCOLLECTION{Reed91a,
  author = {Reed Jr., Harry L.},
  title = {Reflections From the BRL Experience},
  booktitle = {The Ballistic Research Laboratory CAD Package Release 4.0 - December
	1991},
  publisher = {The U.S. Army Ballistic Research Laboratory},
  year = {1991},
  volume = {Volume 1 - The BRL-CAD Philosophy},
  number = {V1S05A00},
  pages = {pp. 1-3},
  address = {Aberdeen Proving Ground, Maryland 21005-5066},
  owner = {cyapp},
  timestamp = {2008.02.05}
}

@INCOLLECTION{Schmitt91a,
  author = {Schmitt, Charles Jeffery},
  title = {Solid Modeling with Polyhedral Data},
  booktitle = {The Ballistics Research Laboratory CAD Package Release 4.0},
  publisher = {The U.S. Army Ballistic Research Laboratory},
  year = {1991},
  volume = {Volume III - The BRL-CAD Applications},
  number = {V3S04A00},
  pages = {pp. 1-6},
  address = {Aberdeen Proving Ground, Maryland 21005-5066},
  owner = {cyapp},
  timestamp = {2008.02.06}
}

@INCOLLECTION{Somogyi91a,
  author = {Somogyi, Zoltan},
  title = {Cake: a Fifth Generation Version of Make},
  booktitle = {The Ballistics Research Laboratory CAD Package Release 4.0},
  publisher = {The U.S. Army Ballistic Research Laboratory},
  year = {1991},
  volume = {Volume III - The BRL-CAD Applications},
  number = {V3S03A00},
  pages = {pp. 1-9},
  address = {Aberdeen Proving Ground, Maryland 21005-5066},
  owner = {cyapp},
  timestamp = {2008.02.06}
}

@INCOLLECTION{Stay91a,
  author = {Stay, Paul R.},
  title = {Non-Uniform Rational B-Spline Curves and Surfaces Within BRL-CAD},
  booktitle = {The Ballistics Research Laboratory CAD Package Release 4.0},
  publisher = {The U.S. Army Ballistic Research Laboratory},
  year = {1991},
  volume = {Volume V - The BRL-CAD Analyst's Manual},
  number = {V5S08A02},
  pages = {pp. 1},
  address = {Aberdeen Proving Ground, Maryland 21005-5066},
  month = may,
  owner = {cyapp},
  timestamp = {2008.02.05}
}

@INPROCEEDINGS{Buxton92a,
  author = {Buxton, E. Timothy and Jones, Jack},
  title = {End-To-End Sensor Modeling Using BRL-CAD 4.0 with the Faceted Region
	Editor (FRED) Release 3.1},
  booktitle = {Proceedings - 1992 BRL-CAD Users Conference},
  year = {1992},
  pages = {pp. 1-18},
  address = {Aberdeen Proving Ground, Maryland 21005-5066},
  publisher = {The U.S. Army Ballistic Research Laboratory},
  note = {Affiliations: Buxton - OptiMetrics, Inc. Ann Arbor, Michigan; Jones:
	U.S. Army Tank-Automotive Command, Warren, Michigan},
  owner = {cyapp},
  timestamp = {2008.02.07}
}

@INPROCEEDINGS{Foglia92a,
  author = {Foglia, Andrew J.},
  title = {I/EMS to BRL-CAD Translation: Converting from a B-REP modeler to
	a CSG Modeler},
  booktitle = {Proceedings - 1992 BRL-CAD Users Conference},
  year = {1992},
  pages = {pp. 1-9},
  address = {Aberdeen Proving Ground, Maryland 21005-5066},
  publisher = {The U.S. Army Ballistic Research Laboratory},
  note = {Affiliation: Intergraph Corporation Federal Systems Division 2051
	Mercator Drive, Reston, VA 22091-3413},
  owner = {cyapp},
  timestamp = {2008.02.07}
}

@INPROCEEDINGS{Johnson92a,
  author = {Johnson, Christopher T. and Johnson, S. Gwen},
  title = {Getting BRL-CAD Images Printed},
  booktitle = {Proceedings - 1992 BRL-CAD Users Conference},
  year = {1992},
  pages = {pp. 1-24},
  address = {Aberdeen Proving Ground, Maryland 21005-5066},
  publisher = {The U.S. Army Ballistic Research Laboratory},
  note = {Affiliation: Paladin Software},
  owner = {cyapp},
  timestamp = {2008.02.07}
}

@INPROCEEDINGS{Keij92a,
  author = {Keij, T. L. J.},
  title = {Frangible Munition and the BRL-CAD Package: A Successful Combination},
  booktitle = {Proceedings - 1992 BRL-CAD Users Conference},
  year = {1992},
  pages = {pp. 1-9},
  address = {Aberdeen Proving Ground, Maryland 21005-5066},
  publisher = {The U.S. Army Ballistic Research Laboratory},
  note = {Affiliation: TNO Defense Research, Prins Maurits Laboratory P.O.
	Box 45, 2280 AA Rijswijk, The Netherlands},
  owner = {cyapp},
  timestamp = {2008.02.07}
}

@INPROCEEDINGS{Lane92a,
  author = {Lane, Erik L.},
  title = {Blueprints to BRL-CAD: "The User Interface"},
  booktitle = {Proceedings - 1992 BRL-CAD Users Conference},
  year = {1992},
  pages = {pp. 1-15},
  address = {Aberdeen Proving Ground, Maryland 21005-5066},
  publisher = {The U.S. Army Ballistic Research Laboratory},
  owner = {cyapp},
  timestamp = {2008.02.07}
}

@INPROCEEDINGS{Murray92a,
  author = {Murray, Eric L. and Cericole Jr., Victor and Reed, Harry J.},
  title = {Proliferation Concerns in Geometric Modeling},
  booktitle = {Proceedings - 1992 BRL-CAD Users Conference},
  year = {1992},
  pages = {pp. 1-19},
  address = {Aberdeen Proving Ground, Maryland 21005-5066},
  publisher = {The U.S. Army Ballistic Research Laboratory},
  note = {Affiliation: Geometric Solutions, INC. 100 Curtis St. Suite 3 P.O.
	Box 382 Aberdeen, MD 21001},
  owner = {cyapp},
  timestamp = {2008.02.07}
}

@INPROCEEDINGS{Reed92a,
  author = {Reed, Harry J. and Murray, Eric L. and Cericole Jr., Victor},
  title = {In-The-Field Modeling},
  booktitle = {Proceedings - 1992 BRL-CAD Users Conference},
  year = {1992},
  pages = {pp. 1-38},
  address = {Aberdeen Proving Ground, Maryland 21005-5066},
  publisher = {The U.S. Army Ballistic Research Laboratory},
  note = {Affiliation: Geometric Solutions, INC. 100 Curtis St. Suite 3 P.O.
	Box 382 Aberdeen, MD 21001},
  owner = {cyapp},
  timestamp = {2008.02.07}
}

@INPROCEEDINGS{Smith92a,
  author = {Smith, Jill H. and Winner, Wendy A. and Hanes, Phillip J.},
  title = {An Overview of the Modular Unix-Based Vulnerability Estimation Suite},
  booktitle = {Proceedings - 1992 BRL-CAD Users Conference},
  year = {1992},
  pages = {pp. 1-7},
  address = {Aberdeen Proving Ground, Maryland 21005-5066},
  publisher = {The U.S. Army Ballistic Research Laboratory},
  note = {Included in The Ballistics Research Laboratory CAD Package Release
	4.0 Volume V - The BRL-CAD Analyst's Manual and Proceedings - BRL-CAD
	Symposium '91},
  owner = {cyapp},
  timestamp = {2008.02.05}
}

@INPROCEEDINGS{Unknown92a,
  author = {Unknown},
  title = {Applications of the BRL-CAD Software and Database Descriptions to
	the Generation of Synthetic Imagery.},
  booktitle = {Proceedings - 1992 BRL-CAD Users Conference},
  year = {1992},
  pages = {pp. 1-10},
  address = {Aberdeen Proving Ground, Maryland 21005-5066},
  publisher = {The U.S. Army Ballistic Research Laboratory},
  owner = {cyapp},
  timestamp = {2008.02.07}
}

@INPROCEEDINGS{Deitz92a,
  author = {Deitz, Paul H. and Applin, Keith A.},
  title = {Practices and Standards in the Construction of BRL-CAD Target Descriptions},
  booktitle = {Proceedings - 1992 BRL-CAD Users Conference},
  year = {1992},
  pages = {pp. 1-12},
  number = {ARL-MR-103},
  address = {Aberdeen Proving Ground, Maryland 21005-5066},
  publisher = {The U.S. Army Ballistic Research Laboratory},
  note = {Published as a stand-alone booklet in September 1993. 1993 version
	  Approved for Public Release; Distribution is Unlimited.},
    url = {http://handle.dtic.mil/100.2/ADA274312},
  owner = {cyapp},
  timestamp = {2008.02.06}
}

@TECHREPORT{Ross92,
  author = {Ross, Adam},
  title = {3D Geometric Target Analysis of The Advanced Field Artillary System (AFAS)},
  year = {1992},
  month = aug,
  publisher = {The U.S. Army Ballistic Research Laboratory},
  owner = {morrison},
  timestamp = {2019.05.15}
}

@BOOKLET{Ellis92a,
  title = {Vulnerability Analyst's Guide to Geometric Target Description (Memorandum
	Report BRL-MR-4001)},
  author = {Ellis, Carol A.},
  address = {Aberdeen Proving Ground, Maryland 21005-5066},
  month = sep,
  year = {1992},
  note = {Approved for Public Release; Distribution is Unlimited.},
  url = {http://handle.dtic.mil/100.2/ADA256604},
  owner = {cyapp},
  timestamp = {2008.02.06}
}

@TECHREPORT{Ross92,
  author = {Coates, Susan A. and Davisson, Edwin O.},
  title = {User's Manual for IRPREP},
  year = {1992},
  month = sep,
  publisher = {The U.S. Army Ballistic Research Laboratory},
  number = {BRL-SP-96},
  owner = {morrison},
  timestamp = {2019.05.15}
}

@INPROCEEDINGS{Muuss92a,
  author = {Muuss J. D., Susanne},
  title = {Revision Control System (RCS) Configuration Management for BRL-CAD
	Target Descriptions},
  booktitle = {Proceedings - 1992 BRL-CAD Users Conference},
  year = {1992},
  pages = {pp. 1-14},
  address = {Aberdeen Proving Ground, Maryland 21005-5066},
  month = oct,
  publisher = {The U.S. Army Ballistic Research Laboratory},
  owner = {cyapp},
  timestamp = {2008.02.07}
}

@BOOKLET{Anderson93a,
  title = {IGES 4.0 to BRLCAD Translator for CSG Models},
  author = {Anderson, John R. and Weaver, Earl P. and Muuss, Susanne L.},
  address = {Aberdeen Proving Ground, Maryland 21005-5066},
  month = dec,
  year = {1993},
  number = {ARL-TR-315},
  note = {Approved for Public Release; Distribution is Unlimited.},
  owner = {cyapp},
  timestamp = {2008.02.06}
}

@BOOKLET{Applin94a,
  title = {A Catalog of BRL-CAD Target Descriptions},
  author = {Applin, Keith A.},
  address = {Aberdeen Proving Ground, Maryland 21005-5066},
  month = aug,
  year = {1994},
  note = {Distribution Authorized to U.S. Government Agencies and Their Contractors;
	Critical Technology; August 1994. Other Requests for this Document
	Shall be Referred to Director, U.S. Army Research Laboratory, ATTN:
	AMSRL-OP-AP-L, Aberdeen Proving Ground, MD 21005-5066},
  owner = {cyapp},
  timestamp = {2008.02.06}
}

@INCOLLECTION{Anderson94a,
  author = {Anderson, R., Malila, W., Maxwell, R., and Reed, L.},
  title = {SIRIM, PRISM, GTSIG, and SPIRITS},
  booktitle = {Military Utility of Multispectral and Hyperspectral Sensors},
  publisher = {The U.S. Army Ballistic Research Laboratory},
  year = {1994},
  month = nov,
  number = {246890-3-F},
  pages = {pp. 66},
  address = {Infrared Information Analysis Center, Environmental
	Research Institute of Michigan, P.O. Box 134001, Ann Arbor,
	Michigan 48113-4001},
  note = {IRIA State of the Art Report.  Approved for Public Release;
	Distribution is Unlimited.},
  owner = {morrison},
  timestamp = {2018.06.06}
}

@INPROCEEDINGS{Anderson95a,
  author = {Anderson, John R.},
  title = {BRL-CAD and Geometry Converters},
  booktitle = {Proceedings - BRL-CAD Symposium '95},
  year = {1995},
  pages = {pp. 1-8},
  address = {Aberdeen Proving Ground, Maryland 21005-5066},
  month = jun,
  publisher = {The U.S. Army Ballistic Research Laboratory},
  owner = {cyapp},
  timestamp = {2008.02.05}
}

@INPROCEEDINGS{zumBrunnen95a,
  author = {zum Brunnen, Richard L. and Kunkel Jr., Robert W. and Reza, Jose G.},
  title = {Target Description Specifications for the Conduct of Integrated Analyses},
  booktitle = {Proceedings - BRL-CAD Symposium '95},
  year = {1995},
  pages = {pp. 1-48},
  address = {Aberdeen Proving Ground, Maryland 21005-5066},
  month = jun,
  publisher = {The U.S. Army Ballistic Research Laboratory},
  owner = {cyapp},
  timestamp = {2008.02.05}
}

@INPROCEEDINGS{Butler95a,
  author = {Butler, Lee A.},
  title = {Procedural Detail for BRL-CAD},
  booktitle = {Proceedings - BRL-CAD Symposium '95},
  year = {1995},
  pages = {pp. 1-19},
  address = {Aberdeen Proving Ground, Maryland 21005-5066},
  month = jun,
  publisher = {The U.S. Army Ballistic Research Laboratory},
  owner = {cyapp},
  timestamp = {2008.02.05}
}

@INPROCEEDINGS{Butler95b,
  author = {Butler, Lee A. and Murdza, Christine},
  title = {Animation Techniques in BRL-CAD},
  booktitle = {Proceedings - BRL-CAD Symposium '95},
  year = {1995},
  pages = {pp. 1-37},
  address = {Aberdeen Proving Ground, Maryland 21005-5066},
  month = jun,
  publisher = {The U.S. Army Ballistic Research Laboratory},
  owner = {cyapp},
  timestamp = {2008.02.05}
}

@INPROCEEDINGS{Durfee95a,
  author = {Durfee, Glenn},
  title = {Abstract: Extensible User Interfaces for MGED using TCL/TK},
  booktitle = {Proceedings - BRL-CAD Symposium '95},
  year = {1995},
  pages = {pp. 1},
  address = {Aberdeen Proving Ground, Maryland 21005-5066},
  month = jun,
  publisher = {The U.S. Army Ballistic Research Laboratory},
  owner = {cyapp},
  timestamp = {2008.02.05}
}

@INPROCEEDINGS{Evans95a,
  author = {Evans, John},
  title = {Ray Tracing NURBs Without Newton},
  booktitle = {Proceedings - BRL-CAD Symposium '95},
  year = {1995},
  pages = {pp. 1-9},
  address = {Aberdeen Proving Ground, Maryland 21005-5066},
  month = jun,
  publisher = {The U.S. Army Ballistic Research Laboratory},
  note = {Affiliation: Montana State University},
  owner = {cyapp},
  timestamp = {2008.02.05}
}

@INPROCEEDINGS{Frew95a,
  author = {Frew, Kellye C.},
  title = {Modeling Target Damage in Effectiveness/Vulnerability Assessments
	in Three Dimensions (EVA-3D)},
  booktitle = {Proceedings - BRL-CAD Symposium '95},
  year = {1995},
  pages = {pp. 1-13},
  address = {Aberdeen Proving Ground, Maryland 21005-5066},
  month = jun,
  publisher = {The U.S. Army Ballistic Research Laboratory},
  note = {Affiliation: Applied Research Associates Inc.},
  owner = {cyapp},
  timestamp = {2008.02.05}
}

@INPROCEEDINGS{Garriques95a,
  author = {Garriques, Lisa L. and Strausser, Robert L.},
  title = {SURVIAC Support and Use of BRL-CAD},
  booktitle = {Proceedings - BRL-CAD Symposium '95},
  year = {1995},
  pages = {pp. 1-10},
  address = {Aberdeen Proving Ground, Maryland 21005-5066},
  month = jun,
  publisher = {The U.S. Army Ballistic Research Laboratory},
  note = {Affiliation: SURVIAC Aberdeen Satellite Office},
  owner = {cyapp},
  timestamp = {2008.02.05}
}

@INPROCEEDINGS{Hunt95a,
  author = {Hunt, Elaine M. and Hunt, James E.},
  title = {Vulnerability Analysis of Distributed Targets using BRL-CAD},
  booktitle = {Proceedings - BRL-CAD Symposium '95},
  year = {1995},
  pages = {pp. 1-13},
  address = {Aberdeen Proving Ground, Maryland 21005-5066},
  month = jun,
  publisher = {The U.S. Army Ballistic Research Laboratory},
  owner = {cyapp},
  timestamp = {2008.02.05}
}

@INPROCEEDINGS{Mermagen95a,
  author = {Mermagen Jr., William H. and Durfee, Glenn},
  title = {Overview of the Xpatch Radar Signature Prediction Code and its Linkage
	to BRL-CAD},
  booktitle = {Proceedings - BRL-CAD Symposium '95},
  year = {1995},
  pages = {pp. 1-18},
  address = {Aberdeen Proving Ground, Maryland 21005-5066},
  month = jun,
  publisher = {The U.S. Army Ballistic Research Laboratory},
  owner = {cyapp},
  timestamp = {2008.02.05}
}

@INPROCEEDINGS{Murray95a,
  author = {Murray, Eric and Reed, Harry},
  title = {High Resolution BRL-CAD Databases},
  booktitle = {Proceedings - BRL-CAD Symposium '95},
  year = {1995},
  pages = {pp. 1-6},
  address = {Aberdeen Proving Ground, Maryland 21005-5066},
  month = jun,
  publisher = {The U.S. Army Ballistic Research Laboratory},
  note = {Affiliation: Geometric Solids Inc.},
  owner = {cyapp},
  timestamp = {2008.02.05}
}

@INPROCEEDINGS{Muuss95b,
  author = {Muuss, Michael John},
  title = {Towards Real-Time Ray-Tracing of Combinatorial Solid Geometric Models},
  booktitle = {Proceedings - BRL-CAD Symposium '95},
  year = {1995},
  pages = {pp. 1-14},
  address = {Aberdeen Proving Ground, Maryland 21005-5066},
  month = jun,
  publisher = {The U.S. Army Ballistic Research Laboratory},
  owner = {cyapp},
  timestamp = {2008.02.05}
}

@INPROCEEDINGS{Muuss95a,
  author = {Muuss, Michael John and Lorenzo, Maximo},
  title = {High-Resolution Interactive Multispectral Missile Sensor Simulation
	for ATR and DIS},
  booktitle = {Proceedings - BRL-CAD Symposium '95},
  year = {1995},
  pages = {pp. 1-11},
  address = {Aberdeen Proving Ground, Maryland 21005-5066},
  month = jun,
  publisher = {The U.S. Army Ballistic Research Laboratory},
  owner = {cyapp},
  timestamp = {2008.02.05}
}

@INPROCEEDINGS{Nuzman95a,
  author = {Nuzman, Carl J.},
  title = {Animation Tools in BRL-CAD: the Next Generation},
  booktitle = {Proceedings - BRL-CAD Symposium '95},
  year = {1995},
  pages = {pp. 1-46},
  address = {Aberdeen Proving Ground, Maryland 21005-5066},
  month = jun,
  publisher = {The U.S. Army Ballistic Research Laboratory},
  note = {Affiliation: University of Maryland},
  owner = {cyapp},
  timestamp = {2008.02.05}
}

@INPROCEEDINGS{Parker95a,
  author = {Parker, Robert and Dykstra, Phillip},
  title = {XMGED: An X11 Interface to MGED},
  booktitle = {Proceedings - BRL-CAD Symposium '95},
  year = {1995},
  pages = {pp. 1-41},
  address = {Aberdeen Proving Ground, Maryland 21005-5066},
  month = jun,
  publisher = {The U.S. Army Ballistic Research Laboratory},
  owner = {cyapp},
  timestamp = {2008.02.05}
}

@INPROCEEDINGS{Stay95a,
  author = {Stay, Paul R.},
  title = {Knotty NURBS},
  booktitle = {Proceedings - BRL-CAD Symposium '95},
  year = {1995},
  pages = {pp. 1-16},
  address = {Aberdeen Proving Ground, Maryland 21005-5066},
  month = jun,
  publisher = {The U.S. Army Ballistic Research Laboratory},
  owner = {cyapp},
  timestamp = {2008.02.05}
}

@INPROCEEDINGS{Stevens95a,
  author = {Stevens, Mark and Beveridge, J. Ross and Goss, Michael},
  title = {Reduction of BRL/CAD Models and Their Use in Automatic Target Recognition
	Algorithms},
  booktitle = {Proceedings - BRL-CAD Symposium '95},
  year = {1995},
  pages = {pp. 1-9},
  address = {Aberdeen Proving Ground, Maryland 21005-5066},
  month = jun,
  publisher = {The U.S. Army Ballistic Research Laboratory},
  note = {Affiliation: Colorado State University},
  url = {http://citeseer.ist.psu.edu/126604.html},
  owner = {cyapp},
  timestamp = {2008.02.05}
}

@INPROCEEDINGS{Tanenbaum95a,
  author = {Tanenbaum, Paul J.},
  title = {Using BRL-CAD to Investigate Geometric Representations of Partially
	Ordered Sets},
  booktitle = {Proceedings - BRL-CAD Symposium '95},
  year = {1995},
  pages = {pp. 1-17},
  address = {Aberdeen Proving Ground, Maryland 21005-5066},
  month = jun,
  publisher = {The U.S. Army Ballistic Research Laboratory},
  owner = {cyapp},
  timestamp = {2008.02.05}
}

@INPROCEEDINGS{Williams95a,
  author = {Williams, Kim and Romanczuk, Glenn E. and Strickland, M. Shane},
  title = {Visualization Tools for Design Level Effectiveness Studies},
  booktitle = {Proceedings - BRL-CAD Symposium '95},
  year = {1995},
  pages = {pp. 1-11},
  address = {Aberdeen Proving Ground, Maryland 21005-5066},
  month = jun,
  publisher = {The U.S. Army Ballistic Research Laboratory},
  note = {Affiliation: USA MICOM},
  owner = {cyapp},
  timestamp = {2008.02.05}
}

@TECHREPORT{Lynch97,
  author = {Lynch, David D., Kunkel, Robert W., Jr. and Juarascio, Stephanie S.},
  title = {An Analysis Comparison Using the Vulnerability Analysis for Surface Targets (VAST) Computer Code and the Computation of Vulnerable Area and Repair Time (COVART III) Computer Code},
  institution = {United States Army, Army Research Laboratory, Survivability/Lethality Analysis Directorate},
  year = {1997},
  month = feb,
  number = {ARL-MR-341},
  address = {Army Research Laboratory, Aberdeen Proving Ground, MD 21005-5068},
  note = {Approved for Public Release; Distribution is Unlimited.},
  owner = {morrison},
  timestamp = {2017.11.07}
}

@INPROCEEDINGS{Gliere98,
  author = {Glière, A., Thompson, Donald O., Chimenti, Dale E.},
  title = {Sindbad: From CAD Model to Synthetic Radiographs},
  booktitle = {Review of Progress in Quantitative Nondestructive Evaluation},
  volume = {17A},
  pages = {387-394},
  year = {1998},
  owner = {morrison},
  note = {Published by Springer US},
  doi = {10.1007/978-1-4615-5339-7_49},
  url = {https://doi.org/10.1007/978-1-4615-5339-7_49},
  isbn = {978-1-4615-5339-7},
  timestamp = {2018.06.06}
}

@INPROCEEDINGS{Butler00a,
  author = {Butler, Lee and Atkison, Travis and Miller, Ethan},
  title = {Comparing CPU Performance Between and Within Processor Families},
  booktitle = {Proceedings of the 25th Annual International Conference on Computer
	Measurement and Performance (CMG 2000)},
  year = {2000},
  pages = {421–430},
  month = dec,
  url = {http://www.soe.ucsc.edu/~elm/Papers/cmg00.pdf
	or (official) http://www.cmg.org/Representations/2000/0039.pdf},
  owner = {cyapp},
  timestamp = {2008.02.08}
}

@INPROCEEDINGS{Tabary00a,
  author = {Tabary, Joachim and Gliery, Alain},
  title = {Coupling photon Monte Carlo simulation and CAD Software. Application to X-ray nondestructive evaluation},
  booktitle = {Advanced Monte Carlo for Radiation Physics, Particle Transport Simulation and Applications.  Proceedings of the Monte Carlo 2000 Conference},
  publisher = {Springer},
  year = {2000},
  month = oct,
  pages = {461-466},
  note = {Conference was in Lisbon, Spain, 23-26 October 2000.},
  owner = {cyapp},
  timestamp = {2010.02.23}
}

@TECHREPORT{Keyser00,
  author = {Keyser, John Christopher},
  title = {Exact Boundary Evaluation for Curved Solids},
  institution = {The University of North Carolina at Chapel Hill},
  year = {2000},
  isbn = {0-599-85560-6},
  number = {AAI9979459},
  note = {Doctoral Dissertation},
  owner = {morrison},
  timestamp = {2018.06.06}
}

@TECHREPORT{Kunkel01,
  author = {Kunkel, Robert W., Jr. and Anderson, John R.},
  title = {Conversion Process of a Ballistic Research Laboratory Computer-Aided Design (BRL-CAD) Model to a Panelized Surface Model (PSM)},
  institution = {United States Army, Army Research Laboratory, Survivability/Lethality Analysis Directorate},
  year = {2001},
  month = feb,
  number = {ARL-TR-2396},
  address = {Army Research Laboratory, Aberdeen Proving Ground, MD 21005-5068},
  note = {Approved for Public Release; Distribution is Unlimited.},
  owner = {morrison},
  timestamp = {2015.11.19}
}

@ARTICLE{Wasmund01a,
  author = {Wasmund, Thomas L.},
  title = {New Model to Evaluate Weapon Effects and Platform Vulnerability: AJEM},
  journal = {Weapon Systems Technology Information Analysis Center (WSTIAC)},
  year = {2011},
  month = sep,
  volume = {2},
  number = {4},
  pages = {1-3},
  note = {Article by the Naval Surface Warfare Center (NSWC), Dahlgren Division},
  url = {https://www.dsiac.org/sites/default/files/journals/Vol2Num4.pdf},
  owner = {morrison},
  timestamp = {2018.06.06}
}

@INPROCEEDINGS{Keyser02a,
  author = {Keyser, John and Culver, Tim and Foskey, Mark and Krishnan, Shankar
	and Manocha, Dinesh},
  title = {ESOLID---A System for Exact Boundary Evaluation},
  booktitle = {SMA '02: Proceedings of the seventh ACM symposium on Solid modeling
	and applications},
  year = {2002},
  pages = {23--34},
  publisher = {ACM},
  url = {http://doi.acm.org/10.1145/566282.566289},
  isbn = {1-58113-506-8},
  location = {Saarbrücken, Germany}
}

@INPROCEEDINGS{Christy02a,
  author = {Christy, TraNese},
  title = {Introduction to Tcl/Tk},
  series = {BRL-CAD 2002 Users Group Meeting},
  year = {2002},
  owner = {cyapp},
  timestamp = {2008.02.07}
}

@INPROCEEDINGS{Gillich02a,
  author = {Gillich, Michael J.},
  title = {Standard Colorization Schemes for Target Descriptions},
  series = {BRL-CAD 2002 Users Group Meeting},
  year = {2002},
  owner = {cyapp},
  timestamp = {2008.02.07}
}

@INPROCEEDINGS{Kennedy02a,
  author = {Kennedy, Charles M.},
  title = {Benchmarking Results on Different Architectures},
  series = {BRL-CAD 2002 Users Group Meeting},
  year = {2002},
  owner = {cyapp},
  timestamp = {2008.02.07}
}

@INPROCEEDINGS{Pitts02a,
  author = {Pitts, Christopher M. and Williams, Kimberly C.},
  title = {Geometric Editing with BRL-CAD 6.0 for Microsoft Windows},
  series = {BRL-CAD 2002 Users Group Meeting},
  year = {2002},
  owner = {cyapp},
  timestamp = {2008.02.07}
}

@INPROCEEDINGS{Morrison02a,
  author = {Morrison, Christopher Sean},
  title = {Mac OS X},
  series = {BRL-CAD 2002 Users Group Meeting},
  year = {2002},
  owner = {cyapp},
  timestamp = {2008.02.07}
}

@INPROCEEDINGS{Morrison02b,
  author = {Morrison, Christopher Sean},
  title = {Shading Objects},
  series = {BRL-CAD 2002 Users Group Meeting},
  year = {2002},
  owner = {cyapp},
  timestamp = {2008.02.07}
}

@INPROCEEDINGS{Bowers02a,
  author = {Bowers, Ronald A.},
  title = {Overview of RtWizard},
  series = {BRL-CAD 2002 Users Group Meeting},
  year = {2002},
  owner = {cyapp},
  timestamp = {2008.02.07}
}

@INPROCEEDINGS{Anderson02a,
  author = {Anderson, John},
  title = {Converting Between BRL-CAD and Other Formats},
  series = {BRL-CAD 2002 Users Group Meeting},
  year = {2002},
  owner = {cyapp},
  timestamp = {2008.02.07}
}

@INPROCEEDINGS{Butler02b,
  author = {Butler, Lee A.},
  title = {New Features of the BRL-CAD Database Format},
  series = {BRL-CAD 2002 Users Group Meeting},
  year = {2002},
  owner = {cyapp},
  timestamp = {2008.02.07}
}

@INPROCEEDINGS{Butler02a,
  author = {Butler, Lee A. and Anderson, John},
  title = {Application Development with BRL-CAD},
  series = {BRL-CAD 2002 Users Group Meeting},
  year = {2002},
  owner = {cyapp},
  timestamp = {2008.02.07}
}

@ARTICLE{Mathy03a,
  author = {Mathy, F. and Guillemaud, R. and Picone, M.},
  title = {Experimental validation of a coupled photon Monte Carlo and CAD software},
  journal = {Nuclear Instruments and Methods in Physics Research Section A: Accelerators,
	Spectrometers, Detectors and Associated Equipment},
  year = {2003},
  volume = {504},
  pages = {317-320},
  number = {1-3},
  month = may,
  eid = {10.1016/S0168-9002(03)00787-3},
  owner = {cyapp},
  timestamp = {2008.02.08}
}

@ARTICLE{Keyser04a,
  author = {Keyser, John and Culver, Tim and Foskey, Mark and Krishnan, Shankar
	and Manocha, Dinesh},
  title = {ESOLID---a system for exact boundary evaluation},
  journal = {Computer-Aided Design},
  year = {2004},
  volume = {36},
  pages = {175-193},
  number = {2},
  month = feb,
  eid = {10.1016/S0010-4485(03)00060-5 },
  owner = {cyapp},
  timestamp = {2008.02.08}
}

@TECHREPORT{Robertson06a,
  author = {Robertson, Jodi and Wilson, Larry and Enderlein, Mike and Willard,
	Penny and Winner, Wendy},
  title = {Target Description Standards for Ballistic Survivability, Lethality,
	and Vulnerability Analyses of Ground Mobile Vehicles and Aircraft},
  institution = {United States Army, Army Research Laboratory, Survivability/Lethality
	Analysis Directorate},
  year = {2006},
  month = sep,
  number = {ARL-TR-3905},
  address = {Army Research Laboratory, Aberdeen Proving Ground, MD 21005-5068},
  note = {Distribution authorized to the Department of Defense and U.S. DOD
	contractors only; administrative or operational use (September 2006).
	 Other requests for this document shall be referred to Director,
	U.S. Army Research Laboratory, ATTN: AMSRD-ARL-SL-BB, Aberdeen Proving
	Ground, MD 21005-5068.},
  owner = {cyapp},
  timestamp = {2008.02.27}
}

@INPROCEEDINGS{Tabary07a,
  author = {Tabary, Joachim and Hugonnard, Patrick and Mathy, Francoise},
  title = {SINDBAD : a realistic multi-purpose and scalable X-ray simulation
	tool for NDT applications},
  booktitle = {Proceedings DIR 2007 - International Symposium on Digital industrial Radiology and Computed Tomography},
  year = {2007},
  month = jun,
  url = {http://www.ndt.net/article/dir2007/papers/s4.pdf},
  owner = {cyapp},
  timestamp = {2008.02.08}
}

@TECHREPORT{Mallory07,
  author = {Mallory, Timothy},
  title = {A 3-D Scanning Technique for Determining Fragment Shape Factor},
  institution = {United States Army, Army Research Laboratory, Survivability/Lethality Analysis Directorate},
  year = {2007},
  month = jul,
  number = {ARL-TR-4183},
  address = {Army Research Laboratory, Aberdeen Proving Ground, MD 21005-5068},
  note = {Distribution authorized to the Department of Defense and U.S. DOD contractors only; critical technology (July 2007).  Other requests for this document shall be referred to Director,	U.S. Army Research Laboratory, ATTN: AMSRD-ARL-SL-BM, Aberdeen Proving Ground, MD 21005-5068.},
  owner = {morrison},
  timestamp = {2015.12.16}
}

@TECHREPORT{Yapp09a,
  author = {Yapp, Clifford},
  title = {Interactive Raytracing: The nirt Command},
  institution = {United States Army, Army Research Laboratory, Survivability/Lethality Analysis Directorate},
  year = {2009},
  month = apr,
  number = {ARL-CR-624},
  address = {Army Research Laboratory, Aberdeen Proving Ground, MD 21005-5068},
  note = {Affiliation: Quantum Research International Inc.  Approved for Public Release.},
  url = {http://www.arl.army.mil/arlreports/2009/ARL-CR-624.pdf},
  owner = {cyapp},
  timestamp = {2010.02.23}
}

@TECHREPORT{Yapp09b,
  author = {Yapp, Clifford},
  title = {Vehicle Tire and Wheel Creation in BRL-CAD},
  institution = {United States Army, Army Research Laboratory, Survivability/Lethality Analysis Directorate},
  year = {2009},
  month = apr,
  number = {ARL-CR-625},
  address = {Army Research Laboratory, Aberdeen Proving Ground, MD 21005-5068},
  note = {Affiliation: Quantum Research International Inc.  Approved for Public Release.},
  url = {http://www.arl.army.mil/arlreports/2009/ARL-CR-625.pdf},
  owner = {cyapp},
  timestamp = {2010.02.23}
}

@TECHREPORT{Fitzpatrick09a,
  author = {Fitzpatrick, Christian R.},
  title = {Integration of Robotics and 3D Visualization to Modernize the
	Expeditionary Warfare Demonstrator (EWD)},
  institution = {United States Navy, Naval Postgraduate School, Graduate School of Business \& Public Policy},
  year = {2009},
  month = sep,
  number = {NPS-AM-09-054},
  pages = {pp. 1-184},
  address = {555 Dyer Road, Ingersoll Hall, Monterey, California, 93943},
  note = {Thesis research was part of the Acquisition and Research Program and was performed at the MOVES Institute.  Advisors: Don Brutzman, Amela Sadagic.  Approved for Public Release; Distribution is Unlimited.},
  url = {http://www.dtic.mil/dtic/tr/fulltext/u2/a510015.pdf},
  owner = {morrison},
  timestamp = {2010.03.17}
}

@INPROCEEDINGS{Bekar09a,
  author = {Bekar, Kursat B. and Evans, Thomas M.},
  title = {MCNP-BRL: A Linkage between MCNP and CAD Geometry},
  booktitle = {Transactions of the American Nuclear Society},
  year = {2009},
  volume = {101 - Computational Resources for Radiation Modeling},
  pages = {623-626},
  month = nov,
  note = {Presented at American Nuclear Society 2009 Winter Meeting and Nuclear Technology Expo},
  url = {http://www.ornl.gov/sci/radiation_transport_criticality/BekarPubs/MCNP_BRL_A_Linkage.pdf},
  owner = {cyapp},
  timestamp = {2010.02.23}
}

@INPROCEEDINGS{Yapp11,
  author = {Yapp, Clifford},
  title = {A CMake-Based Cross Platform Build System for Tcl/Tk},
  booktitle = {18'th Annual Tcl Association Tcl/Tk Conference Proceedings},
  pages = {135-143},
  year = {2011},
  month = oct,
  isbn = {978-0-578-09801-2},
  note = {Presented at the 18th Tcl/Tk Conference in Manassas, VA on October 24-28, 2011},
  owner = {morrison},
  timestamp = {2016.11.27}
}

@TECHREPORT{Yapp12,
  author = {Yapp, Clifford},
  title = {Generating Coils in BRL-CAD},
  institution = {United States Army, Army Research Laboratory, Survivability/Lethality Analysis Directorate},
  year = {2012},
  month = apr,
  number = {ARL-CR-691},
  address = {Army Research Laboratory, Aberdeen Proving Ground, MD 21005-5068},
  note = {Approved for Public Release, distribution unlimited.},
  url = {http://www.arl.army.mil/arlreports/2012/ARL-CR-691.pdf},
  owner = {morrison},
  timestamp = {2015.11.19}
}

@TECHREPORT{Muuss13,
  author = {Muuss, Michael John},
  title = {RT \& REMRT Shared Memory Parallel and Network Distributed Ray-Tracing Programs},
  institution = {United States Army, Army Research Laboratory},
  year = {2013},
  month = apr,
  number = {ARL-RP-429},
  address = {Army Research Laboratory, Aberdeen Proving Ground, MD 21005-5068},
  note = {This is a reprint from the Fourth USENIX Computer Graphics Workshop, Cambridge, MA, 9 Oct 1987. Approved for Public Release, distribution unlimited.},
  url = {http://www.arl.army.mil/arlreports/2013/ARL-RP-429.pdf},
  owner = {morrison},
  timestamp = {2015.11.19}
}

@TECHREPORT{Stay13,
  author = {Stay, Paul R.},
  title = {The Definition and Ray-Tracing of B-Spline Objects in a Combinatorial Solid Geometric Modeling System},
  institution = {United States Army, Army Research Laboratory},
  year = {2013},
  month = apr,
  number = {ARL-RP-428},
  address = {Army Research Laboratory, Aberdeen Proving Ground, MD 21005-5068},
  note = {This is a reprint from the Fourth USENIX Computer Graphics Workshop, Cambridge, MA, 9 Oct 1987. Approved for Public Release, distribution unlimited.},
  url = {http://www.arl.army.mil/arlreports/2013/ARL-RP-428.pdf},
  owner = {morrison},
  timestamp = {2015.11.19}
}

@TECHREPORT{Dykstra13,
  author = {Dykstra, Phillip C.},
  title = {The BRL-CAD Package - An Overview},
  institution = {United States Army, Army Research Laboratory},
  year = {2013},
  month = apr,
  number = {ARL-RP-432},
  address = {Army Research Laboratory, Aberdeen Proving Ground, MD 21005-5068},
  note = {This is a reprint from the Fourth USENIX Computer Graphics Workshop, Cambridge, MA, 9 Oct 1987. Approved for Public Release, distribution unlimited.},
  url = {http://www.arl.army.mil/arlreports/2013/ARL-RP-432.pdf},
  owner = {morrison},
  timestamp = {2015.11.19}
}

@TECHREPORT{Yapp13,
  author = {Yapp, Clifford W.},
  title = {The BRL-CAD CMake Build System - An Overview},
  institution = {United States Army, Army Research Laboratory, Survivability/Lethality Analysis Directorate},
  year = {2013},
  month = jun,
  number = {ARL-TR-6475},
  address = {Army Research Laboratory, Aberdeen Proving Ground, MD 21005-5068},
  note = {Approved for Public Release, distribution unlimited.},
  url = {http://www.arl.army.mil/arlreports/2013/ARL-TR-6475.pdf},
  owner = {morrison},
  timestamp = {2015.11.19}
}

@INPROCEEDINGS{Konokman14a,
  author = {Konokman, Hüseyin Emrah and Kayran, Altan and Kaya, Mustafa},
  title = {Analysis of Aircraft Survivability Against Fragmenting Warhead Threat},
  booktitle = {55th AIAA/ASME/ASCE/AHS/ASC Structures, Structural Dynamics, and Materials Conference},
  year = {2014},
  month = jan,
  url = {https://doi.org/10.2514/6.2014-0355},
  doi = {10.2514/6.2014-0355},
  note = {Presented at the American Institute of Aeronautics and Astronautics (AIAA) SciTech Forum at National Harbor, Maryland},
  owner = {morrison},
  timestamp = {2018.06.06}
}

@TECHREPORT{Ranawake15,
  author = {Ranawake, Charith},
  title = {The Verification and Validation of the Ray-tracing of Bag of Triangles (BoTs)},
  institution = {United States Army, Army Research Laboratory, Survivability/Lethality Analysis Directorate},
  year = {2015},
  month = feb,
  number = {ARL-CR-0761},
  address = {Army Research Laboratory, Aberdeen Proving Ground, MD 21005-5068},
  note = {Approved for Public Release, distribution unlimited.},
  url = {http://www.arl.army.mil/arlreports/2015/ARL-CR-0761.pdf},
  owner = {morrison},
  timestamp = {2015.11.19}
}

@TECHREPORT{Jain15,
  author = {Jain, Rishub},
  title = {Converting Between PLY and Ballistic Research Laboratory Computer-Aided Design (BRL-CAD) Formats},
  institution = {United States Army, Army Research Laboratory, Survivability/Lethality Analysis Directorate},
  year = {2015},
  month = feb,
  number = {ARL-CR-0760},
  address = {Army Research Laboratory, Aberdeen Proving Ground, MD 21005-5068},
  note = {Approved for Public Release, distribution unlimited.},
  url = {http://www.arl.army.mil/arlreports/2015/ARL-CR-0760.pdf},
  owner = {morrison},
  timestamp = {2015.11.19}
}

@TECHREPORT{Roberts15,
  author = {Roberts, Mitchell},
  title = {Comprehensive BRL-CAD Primitive Database},
  institution = {United States Army, Army Research Laboratory, Survivability/Lethality Analysis Directorate},
  year = {2015},
  month = mar,
  number = {ARL-CR-0764},
  address = {Army Research Laboratory, Aberdeen Proving Ground, MD 21005-5068},
  note = {Approved for Public Release, distribution unlimited.},
  url = {http://www.arl.army.mil/arlreports/2015/ARL-CR-0764.pdf},
  owner = {morrison},
  timestamp = {2015.11.19}
}

@TECHREPORT{Nichols15,
  author = {Nichols, Steven J.},
  title = {Uniform Tests of File Converters Using Unit Cubes},
  institution = {United States Army, Army Research Laboratory, Survivability/Lethality Analysis Directorate},
  year = {2015},
  month = mar,
  number = {ARL-CR-0770},
  address = {Army Research Laboratory, Aberdeen Proving Ground, MD 21005-5068},
  note = {Approved for Public Release, distribution unlimited.},
  url = {http://www.arl.army.mil/arlreports/2015/ARL-CR-0770.pdf},
  owner = {morrison},
  timestamp = {2015.11.19}
}

@TECHREPORT{Butler15,
  author = {Butler, Lee A. and Yapp, Clifford},
  title = {Adaptive Geometry Shader Tessellation for Massive Geometry Display},
  institution = {United States Army, Army Research Laboratory, Survivability/Lethality Analysis Directorate},
  year = {2015},
  month = mar,
  number = {ARL-SR-0312},
  address = {Army Research Laboratory, Aberdeen Proving Ground, MD 21005-5068},
  note = {Approved for Public Release, distribution unlimited.},
  url = {http://www.arl.army.mil/arlreports/2015/ARL-SR-0312.pdf},
  owner = {morrison},
  timestamp = {2015.11.19}
}

@TECHREPORT{Yapp15,
  author = {Yapp, Clifford},
  title = {An Investigation into Conversion from Non-Uniform Rational B-Spline Boundary Representation Geometry to Constructive Solid Geometry},
  institution = {United States Army, Army Research Laboratory, Survivability/Lethality Analysis Directorate},
  year = {2015},
  month = dec,
  number = {ARL-SR-0347},
  address = {Army Research Laboratory, Aberdeen Proving Ground, MD 21005-5068},
  note = {Approved for Public Release, distribution unlimited.},
  url = {http://www.arl.army.mil/arlreports/2015/ARL-SR-0347.pdf},
  owner = {morrison},
  timestamp = {2015.12.01}
}

@ARTICLE{Vogeltanz16a,
  author = {Vogeltanz, Tom{\'a}{\v{s}}},
  title = {A Survey of Free Software for the Design, Analysis, Modelling, and Simulation of an Unmanned Aerial Vehicle},
  journal = {Archives of Computational Methods in Engineering},
  year = {2016},
  month = sep,
  day = {01},
  volume = {23},
  number = {3},
  pages = {449-514},
  issn = {1886-1784},
  doi = {10.1007/s11831-015-9147-y},
  url = {https://doi.org/10.1007/s11831-015-9147-y},
  owner = {morrison},
  timestamp = {2018.06.06}
}

@INPROCEEDINGS{Vukolov17a,
  author = {Vukolov, Andrei and Wenger, Philippe and Flores, Paulo},
  title = {Free and Open Source Software Applications for Education of TMM Discipline in Bauman University},
  booktitle = {New Trends in Mechanism and Machine Science},
  year = {2017},
  pages = {253-260},
  doi = {10.1007/978-3-319-44156-6_26},
  note = {Part of the Mechanisms and Machine Science book series
	(volume 43) published by Springer International	Publishing.
	First Online 07 August 2016},
  owner = {morrison},
  timestamp = {2018.06.06}
}

@TECHREPORT{Yapp17a,
  author = {Yapp, Clifford},
  title = {Converting Geometry from Creo Parametric to BRL-CAD},
  institution = {United States Army, Army Research Laboratory, Survivability/Lethality Analysis Directorate},
  year = {2017},
  month = jun,
  number = {ARL-SR-0376},
  address = {Army Research Laboratory, Aberdeen Proving Ground, MD 21005-5068},
  note = {Approved for Public Release, distribution unlimited.},
  url = {http://www.arl.army.mil/arlreports/2017/ARL-SR-0376.pdf},
  owner = {morrison},
  timestamp = {2017.06.28}
}

@TECHREPORT{Butler17a,
  author = {Butler, David S. and Kunkel, Marianne and Smith, Brian G.},
  title = {The Cylindrical Component Methodology Evaluation Module for MUVES-S2},
  institution = {United States Army, Army Research Laboratory, Survivability/Lethality Analysis Directorate},
  year = {2017},
  month = apr,
  number = {ARL-TR-7990},
  address = {Army Research Laboratory, Aberdeen Proving Ground, MD 21005-5068},
  note = {Approved for Public Release, distribution unlimited. Accession Number: AD1033197},
  url = {http://www.dtic.mil/dtic/tr/fulltext/u2/1033197.pdf},
  url = {http://www.arl.army.mil/arlreports/2017/ARL-TR-7990.pdf},
  owner = {morrison},
  timestamp = {2018.06.06}
}

@TECHREPORT{Domingues17a,
  author = {Dominques, Marco},
  title = {Parallel GPU Boolean Evaluation for CSG Ray-Tracing},
  year = {2017},
  month = apr,
  institution = {Instituto Superior Téchnico, University of Lisbon, Portugal},
  note = {Masters Thesis},
  owner = {morrison},
  timestamp = {2018.06.06}
}

@TECHREPORT{Baker18a,
  author = {Baker, Joshua and Murray, Eric},
  title = {Manipulating the Geometric Computer-aided Design of the Operational Requirements-based Casualty Assessment Model within BRL-CAD},
  institution = {United States Army, Army Research Laboratory, Survivability/Lethality Analysis Directorate},
  year = {2018},
  month = mar,
  number = {ARL-TR-8336},
  address = {Army Research Laboratory, Aberdeen Proving Ground, MD 21005-5068},
  note = {Approved for Public Release, distribution unlimited. Accession Number: AD1049401},
  url = {http://www.dtic.mil/dtic/tr/fulltext/u2/1039401.pdf},
  url = {http://www.arl.army.mil/arlreports/2018/ARL-TR-8336.pdf},
  owner = {morrison},
  timestamp = {2018.06.06}
}

@TECHREPORT{Dean18a,
  author = {Dean, Allen and Thomas, Jr., John},
  title = {Development of Large and Small Missile Target Models},
  institution = {United States Air Force Research Laboratory, Munitions Directorate},
  year = {2018},
  month = dec,
  number = {AFRL-RW-EG-TR-2018-100},
  address = {Air Force Research Laboratory, Eglin Air Force Base, FL 32542-6810},
  note = {Distribution authorized to Department of Defense and U.S. DoD contractors only; critical technology; distribution limitations applied November 2018. Other requests must be referred to AFRL/RWML, Eglin AFB FL 32542-5910.},
  owner = {morrison},
  timestamp = {2020.10.30}
}

@comment{jabref-meta: selector_journal:}

@comment{jabref-meta: selector_author:}

@comment{jabref-meta: selector_keywords:}

@comment{jabref-meta: selector_publisher:}

@comment{jabref-entrytype: Ugmpresentation: req[author;title;series;year] opt[url]}

