%						 -*- coding: utf-8 -*-
%
% This file contains bibliographic information pertaining to software and
% methodology prior to the start of BRL-CAD development
%
%%%

@techreport{KENT39,
  author = {Kent, Robert H },
  title = {\href{http://www.dtic.mil/docs/citations/AD0491787}{The Probability of Hitting Various Parts of an Airplane as Dependent on the Fragmentation Characteristics of the Projectile}},
  institution = {U.S. Army Ballistic Research Laboratory},
  year = {1939},
  month = {March},
  number = {BRL-132}
}

@techreport{JUNCOSA53,
  author = {Juncosa, M. L. and D. M. Young },
  title = {\href{http://www.dtic.mil/docs/citations/AD0017267}{A Mathematical Formulation for {ORDVAC} Computation of the Probability of Kill of an Airplane by a Missile}},
  institution = {U.S. Army Ballistic Research Laboratory},
  year = {1953},
  month = {May},
  number = {BRL-867}
}

@techreport{MAGI6701,
  author = {Guber, Walter and Roger Nagel and Robert Goldstein and Phillip S Mittelman and Malvin H Kalos},
  title = {\href{http://www.dtic.mil/docs/citations/AD0847576}{A Geometric Description Technique Suitable for Computer Analysis of Both the Nuclear and Conventional Vulnerability of Armored Military Vehicles}},
  institution = {Corporate author: Mathematical Applications Group Inc. White Plains, NY},
  year = {1967},
  month = {August},
  number = {AD0847576},
  url = {http://www.dtic.mil/docs/citations/AD0847576},
  address = {U.S. Army Ballistic Research Laboratory}
}

@inproceedings{Guber1968,
  author = {Davis, J. Roy and Roger Nagel and Walter Guber},
  title = {{A Model Making and Display Technique for 3-D Pictures}},
  booktitle = {Proceeding of the 7th Annual Meeting of UAIDE},
  publisher = {Users of Automatic Information Display Equipment},
  year = {1968},
  pages={47-72},
  volume={7},
  address = {New York},
  note = {The earliest known public publication related to the CSG methodology.},
  owner = {cyapp},
  timestamp = {2019.11.20}
}

@techreport{MAGI_MAGIC,
  author = {Armament Systems, Inc.},
  title = {\href{http://www.dtic.mil/docs/citations/ADA567888}{{MAGIC} Computer Simulation}},
  institution = {Joint Technical Coordinating Group for Munitions Effectiveness},
  year = {1970},
  month = {July},
  url = {http://www.dtic.mil/docs/citations/ADA567888},
  number = {61 JTCG/ME-71-7-1, 61 JTCG/ME-71-7-2-1, 61 JTCG/ME-71-7-2-2},
}

@techreport{GIFT75,
  author = {Bain Jr., Lawrence W and Mathew J. Reisinger and Gary G. Kuehl},
  title = {\href{http://www.dtic.mil/docs/citations/ADB006037}{The {GIFT} Code User Manual. Volume I. Introduction and Input Requirements}},
  institution = {U.S. Army Ballistic Research Laboratory},
  year = {1975},
  month = {July},
  number = {BRL-R-1802}
}

@techreport{GIFT79,
  author = {Kuehl, Gary G and Lawrence W. Bain, Jr and Mathew J. Reisinger },
  title = {\href{https://apps.dtic.mil/docs/citations/ADA078364}{The {GIFT} Code User Manual. Volume 2. The Output Options}},
  institution = {U.S. Army Ballistic Research Laboratory},
  year = {1979},
  month = {September},
  number = {ARBRL-TR-02189}
}

@techreport{SHOTGENJTCG,
  author = {},
  title = {{Shot Generator Computer Program, Volume I User Manual, and Volume II Analyst Manual}},
  institution = {Joint Technical Coordinating Group for Munitions Effectiveness},
  year = {1970},
  month = {July},
  number = {61 JTCG/ME-71-5-1 and 61 JTCG/ME-71-5-2}
}

@article{Goldstein71,
  author = {Robert A. Goldstein and Roger Nagel},
  title ={3-D Visual simulation},
  journal = {SIMULATION},
  volume = {16},
  number = {1},
  pages = {25-31},
  year = {1971},
  doi = {10.1177/003754977101600104},
  url = {https://doi.org/10.1177/003754977101600104},
  note = {This paper included the following acknowledgement, which identifies the original formulator of the CSG methodology used in MAGIC, GIFT and BRL-CAD:  The authors wish to acknowledge the contributions of Mr. Walter Guber of MAGI, who was primarily responsible for the original formulation of the Combinatorial Geometry method.},
  owner = {cyapp},
  timestamp = {2019.11.20}
}

@techreport{METHCOMP,
  author = {Day, William R. and Phillip A. Kimble},
  title = {\href{https://apps.dtic.mil/docs/citations/AD0921078}{Compilation of Surface Target Vulnerability and Effectiveness Methodologies}},
  institution = {Air Force Armament Laboratory},
  year = {1974},
  month = {May},
  number = {AFATL-TR-74-86},
}

@article{ROTH1982109,
  author = "Scott D Roth",
  title = "Ray casting for modeling solids",
  journal = "Computer Graphics and Image Processing",
  volume = "18",
  number = "2",
  pages = "109 - 144",
  year = "1982",
  issn = "0146-664X",
  doi = "https://doi.org/10.1016/0146-664X(82)90169-1",
  url = "http://www.sciencedirect.com/science/article/pii/0146664X82901691",
  owner = {cyapp},
  timestamp = {2019.11.20}
}


